@electronic{crash_course,
      AUTHOR = "Danny Gratzer" ,
      TITLE = "A Crash Course on ML Modules" ,
      LAST_WORKING = "12.06.2016" ,
      URL = "http://jozefg.bitbucket.org/posts/2015-01-08-modules.html"
      }

@electronic{mosml_lib ,
      AUTHOR = "Peter Sestoft" ,
      TITLE = "Moscow ML Standard Library" ,
      LAST_WORKING = "12.06.2016" ,
      URL = "https://www.itu.dk/~sestoft/mosmllib/index.html" ,
      }


@BOOK{sml_book ,
      AUTHOR = "Robin Milner, Mads Tofte, Robert Harper, and David McQueen" ,
      TITLE = "The Definition of Standard ML" ,
      PUBLISHER = {MIT Press}  ,
      YEAR = 1997, 
      }

@electronic{functors,
      AUTHOR = "Riccardo Pucella" ,
      TITLE = "Notes on Programming SML/NJ" ,
      URL = "http://www.cs.cornell.edu/riccardo/smlnj.html" ,
      LAST_VISITED = "12.06.2016"
      }

@electronic{typealias_commit ,
  AUTHOR = "Mikkel Storgaard Knudsen" ,
  TITLE = "Original git commit containing complete type aliasing feature" ,
  URL = "https://github.com/HIPERFIT/futhark/commit/8c0034d6764a71482b50db7694c9bbc2ac4cf7b2" ,
  LAST_VISITED = "12.06.2016"
  }

@electronic{structure_commit ,
  AUTHOR = "Mikkel Storgaard Knudsen" ,
  TITLE = "Git commit containing complete structure feature" ,
  URL = "https://github.com/HIPERFIT/futhark/commit/7e39b9c759587e3f8a1d5c3b0de68b1400baa4c1" ,
  LAST_VISITED = "12.06.2016"
  }

@electronic{scala_modules,
  AUTHOR = "Yawar Amin" ,
  TITLE = "Scala Modules" ,
  URL = "https://github.com/yawaramin/scala-modules" ,
  LAST_VISITED = "12.06.2016"
  }